001  0000121
005  20170701114158.087
008  170701s||||     bl|||||||||||||||||por|u
020    $a9788577531639
040    $aPorto Alegre$bpor
090    $a371.4$bF866autonomia
100 1  $aFreire, Paulo
245 10 $aPedagogia do oprimido$cPaulo Freire
250    $a58 ed.
260    $aRio de Janeiro$bPaz & Terra$c2014
300    $a253 p.
650    $aEducação
650    $aSociologia educacional
650    $aAlfabetização de adultos
650    $aEducação de adultos
650    $aEducação libertadora
